<?xml version="1.0" encoding="UTF-8"?><collection xmlns="http://www.loc.gov/MARC21/slim"><record><leader>00587nam--2200205-u-4500</leader><controlfield tag="001">000052923</controlfield><controlfield tag="002">20161230</controlfield><controlfield tag="005">20161230201050</controlfield><controlfield tag="008">101129s1000------------r-----000-0-rus-d</controlfield><datafield ind1=" " ind2=" " tag="040"><subfield code="a">IFIN-HH</subfield></datafield><datafield ind1=" " ind2=" " tag="041"><subfield code="a">rus</subfield></datafield><datafield ind1=" " ind2=" " tag="080"><subfield code="a">535.36</subfield></datafield><datafield ind1="1" ind2=" " tag="100"><subfield code="a">Smokty, O.I</subfield></datafield><datafield ind1="1" ind2="0" tag="245"><subfield code="a">Metodi teorii sistem i preobrazovanii v optike</subfield><subfield code="c">O.i. smokty; v.a. fabrikov</subfield></datafield><datafield ind1=" " ind2=" " tag="260"><subfield code="a">Leningrad</subfield><subfield code="b">Nauka</subfield><subfield code="c">1989</subfield></datafield><datafield ind1=" " ind2=" " tag="300"><subfield code="a">311P</subfield></datafield><datafield ind1=" " ind2=" " tag="500"><subfield code="a">Titlul in limba engleza: METHODS OF THE SYSTEM'S THEORY AND TRANSFORMS IN OPTICS</subfield></datafield><datafield ind1="1" ind2=" " tag="700"><subfield code="a">Fabrikov, V.A</subfield></datafield><datafield ind1=" " ind2=" " tag="852"><subfield code="a">79015</subfield><subfield code="c">535</subfield></datafield><datafield ind1=" " ind2=" " tag="CAT"><subfield code="a">Sys</subfield><subfield code="c">20101129</subfield><subfield code="h">122123</subfield></datafield></record></collection>